@Book{xie2015,
  title = {Dynamic Documents with {R} and knitr},
  author = {Yihui Xie},
  publisher = {Chapman and Hall/CRC},
  address = {Boca Raton, Florida},
  year = {2015},
  edition = {2nd},
  note = {ISBN 978-1498716963},
  url = {http://yihui.org/knitr/}
}

@Misc{bryan2017,
  title = {Project-oriented workflow},
  author = {Jenny Bryan},
  year = {2017},
  url = {https://www.tidyverse.org/blog/2017/12/workflow-vs-script/}
}

@Manual{rstudio,
  title = {RStudio: Integrated Development Environment for R},
  author = {{RStudio Team}},
  organization = {RStudio, Inc.},
  address = {Boston, MA},
  year = {2015},
  url = {http://www.rstudio.com/}
}

@Manual{rcoreteam,
  title = {R: A Language and Environment for Statistical Computing},
  author = {{R Core Team}},
  organization = {R Foundation for Statistical Computing},
  address = {Vienna, Austria},
  year = {2019},
  url = {https://www.R-project.org/}
}

@Book{statisticalinf,
  title = {Statistical Inference via Data Science},
  author = {Chester Ismay and Albert Y. Kim},
  year = {2019},
  publisher = {CRC Press}
}


@Book{dataedu,
  title = {Data science in education using R},
  author = {Bovee, E. A., Estrellado, R. A., Motsipak, J., Rosenberg, J. M., & Vel\`{a}squez, I. C.},
  year = {2020},
  publisher = {London, England: Routledge},
  url = {http://www.datascienceineducation.com/}
}

@Book{wickham2019advr,
  title = {Advanced R},
  author = {Hadley Wickham},
  edition = {2nd},
  year = {2019},
  url = {https://adv-r.hadley.nz/}
}

@Book{rpackages,
  title = {R Packages},
  author = {Hadley Wickham},
  year = {2015},
  publisher = {O'Reilly Media}
}

@Article{wickham2014,
  title = {Tidy data},
  journal = {Journal of Statistical Software},
  author = {Hadley Wickham},
  year = {2014},
  volume = {59},
  issue = {10},
  url = {https://www.jstatsoft.org/article/view/v059i10/v59i10.pdf](https://www.jstatsoft.org/article/view/v059i10/v59i10.pdf}
}

@Article{wickham2019,
  title = {Welcome to the Tidyverse},
  author = {Hadley Wickham and Mara Averick and Jennifer Bryan and Winston Chang and Lucy McGowan and Romain Fran{\c c}ois and Garrett Grolemund and Alex Hayes and Lionel Henry and Jim Hester and {others}},
  journal = {Journal of Open Source Software},
  volume = {4},
  number = {43},
  pages = {1686},
  year = {2019}
}

@Book{grolemund2018,
  title = {R for data science},
  author = {Hadley Wickham and Garrett Grolemund},
  year = {2018},
  publisher = {O'Reilly}
}


@Book{kieran,
  title = {Data Visualization: A practical introduction},
  author = {Kieran Healy},
  year = {2018},
  publisher = {Princeton University Press}
}


@Book{epir,
  title = {The Epidemiologist R Handbook},
  author = {Neale Batra and Mathilde Mousset and Alex Spina and Isaac Florence and Liza Coyer and Aminata Ndiaye and Henry Laurenson-Schafer and Natalie Fischer and Daniel Molling and Jonathan Polonsky and Chris Bailey and Emma Buajitti and Paula Blomquist and Finlay Campbell and Sara Hollis and Yurie Izawa and Wen Lin},
  year = {2021},
  publisher = {Zenodo},
  url = {https://epirhandbook.com/}
}

